<?xml version="1.0" encoding="UTF-8"?><collection xmlns="http://www.loc.gov/MARC21/slim"><record><leader>00391nam--2200121-i-4500</leader><controlfield tag="001">000021414</controlfield><controlfield tag="002">20161230</controlfield><controlfield tag="005">20161230201034</controlfield><controlfield tag="008">060222s1000------------r-----000-0-eng-d</controlfield><datafield ind1=" " ind2=" " tag="080"><subfield code="a">627.8</subfield></datafield><datafield ind1=" " ind2=" " tag="245"><subfield code="a">Indrumator pentru executarea lucrarilor de armatura</subfield></datafield><datafield ind1=" " ind2=" " tag="260"><subfield code="a">Bucuresti, Ed.Ministerrului Constructiilor Si Al Industriei Materialelor  De Constructii, 1953. 124p. + 34 Planse</subfield></datafield><datafield ind1=" " ind2=" " tag="852"><subfield code="a">26869</subfield></datafield></record></collection>